00557cas a22002171a 4500
001 999312763502836
003 Nz
005 20160321142725.0
008 040112d1920uuuunz  r ne      0   0 eng  
035    $a (NLNZils)931276
035    $a (Nz)8180903
035    $a (NLNZils)931276-ilsdb
035    $a (OCoLC)173422607
040    $a NZNB $c NZNB
042    $a nznb
043    $a u-nz---
245 00 $a Pio Pio post.
260    $a [Pio Pio, N.Z. : $b s.n., $c 1920-?]
362 0  $a 1920 Dec.16-?
651  0 $a Piopio (N.Z.) $v Newspapers.
655  7 $a New Zealand newspapers. $2 local $5 Nz
